@inproceedings{winkler2006overview,
  title={Overview of record linkage and current research directions},
  author={Winkler, William E},
  booktitle={Bureau of the Census},
  year={2006},
  organization={Citeseer}
}

@article{fellegi1969theory,
  title={A theory for record linkage},
  author={Fellegi, Ivan P and Sunter, Alan B},
  journal={Journal of the American Statistical Association},
  volume={64},
  number={328},
  pages={1183--1210},
  year={1969},
  publisher={Taylor \& Francis Group}
}

@article{goez2006relacionamento,
  title={Relacionamento probabil{\'\i}stico entre bases de dados sobre medicamentos e notifica{\c{c}}{\~a}o: Uma aplica{\c{c}}{\~a}o na vigil{\^a}ncia da AIDS},
  author={G{\'o}ez, S{\^o}nia Maria Cezar and Medronho, Roberto de Andrade and Coeli, Claudia Medina},
  journal={Cad. sa{\'u}de colet.,(Rio J.)},
  volume={14},
  number={2},
  pages={313--326},
  year={2006}
}

@article{pintocorrelaccao,
  title={Correla{\c{c}}{\~a}o Probabil{\'\i}stica de Bancos de Dados Governamentais},
  author={Pinto, Cl{\'\i}cia and RobespierrePita, Pedro Melo and Sena, Samila and Barreto, Marcos}
}

@inproceedings{sehili2015privacy,
  title={Privacy Preserving Record Linkage with PPJoin.},
  author={Sehili, Ziad and Kolb, Lars and Borgs, Christian and Schnell, Rainer and Rahm, Erhard},
  booktitle={BTW},
  pages={85--104},
  year={2015}
}

@article{camargo2000reclink,
  title={Reclink: aplicativo para o relacionamento de bases de dados, implementando o m{\'e}todo probabilistic record linkage},
  author={Camargo Jr, Kenneth R de and Coeli, Cl{\'a}udia M},
  journal={Cadernos de Sa{\'u}de P{\'u}blica},
  volume={16},
  number={2},
  pages={439--447},
  year={2000},
  publisher={SciELO Public Health}
}

@inproceedings{kim2007parallel,
  title={Parallel linkage},
  author={Kim, Hung-sik and Lee, Dongwon},
  booktitle={Proceedings of the sixteenth ACM conference on Conference on information and knowledge management},
  pages={283--292},
  year={2007},
  organization={ACM}
}

@article{schnell2009privacy,
  title={Privacy-preserving record linkage using Bloom filters},
  author={Schnell, Rainer and Bachteler, Tobias and Reiher, J{\"o}rg},
  journal={BMC medical informatics and decision making},
  volume={9},
  number={1},
  pages={41},
  year={2009},
  publisher={BioMed Central}
}

@article{bloom1970space,
  title={Space/time trade-offs in hash coding with allowable errors},
  author={Bloom, Burton H},
  journal={Communications of the ACM},
  volume={13},
  number={7},
  pages={422--426},
  year={1970},
  publisher={ACM}
}

@inproceedings{jain2005using,
  title={Using Bloom Filters to Refine Web Search Results.},
  author={Jain, Navendu and Dahlin, Michael and Tewari, Renu},
  booktitle={WebDB},
  pages={25--30},
  year={2005}
}

@article{dice1945measures,
  title={Measures of the amount of ecologic association between species},
  author={Dice, Lee R},
  journal={Ecology},
  volume={26},
  number={3},
  pages={297--302},
  year={1945},
  publisher={Wiley Online Library}
}

@article{landau2013beginner,
  title={A beginner's guide to high—perforrnance computing},
  author={Landau, RH},
  journal={Oregon State University, USA},
  year={2013}
}

@article{moore1998cramming,
  title={Cramming more components onto integrated circuits},
  author={Moore, Gordon E and others},
  journal={Proceedings of the IEEE},
  volume={86},
  number={1},
  pages={82--85},
  year={1998}
}

@article{dagum1998openmp,
  title={OpenMP: an industry standard API for shared-memory programming},
  author={Dagum, Leonardo and Menon, Ramesh},
  journal={IEEE computational science and engineering},
  volume={5},
  number={1},
  pages={46--55},
  year={1998},
  publisher={IEEE}
}

@incollection{vajda2011multi,
  title={Multi-core and many-core processor architectures},
  author={Vajda, Andr{\'a}s},
  booktitle={Programming Many-Core Chips},
  pages={9--43},
  year={2011},
  publisher={Springer}
}

@article{marr2002hyper,
  title={Hyper-threading technology in the netburst{\textregistered} microarchitecture},
  author={Marr, Debbie and Binns, Frank and Hill, D and Hinton, Glenn and Koufaty, D and others},
  journal={14th Hot Chips},
  year={2002}
}

@book{el2005advanced,
  title={Advanced computer architecture and parallel processing},
  author={El-Rewini, Hesham and Abd-El-Barr, Mostafa},
  volume={42},
  year={2005},
  publisher={John Wiley \& Sons}
}

@misc{mpi,
  title = {MPI. Message Passing Interface},
  year = {2017},
  howpublished = {\url{http://mpi-forum.org/}},
  note = {Accessed: 2017-05-21}
}

@misc{ribeiro2013programaccao,
  title={Programa{\c{c}}{\~a}o H{\'\i}brida: MPI e OpenMP},
  author={Ribeiro, Neumar Silva and Fernandes, Luiz Gustavo Le{\~a}o},
  year={2013}
}

@misc{openmp,
  title = {OpenMP},
  year = {2015},
  howpublished = {\url{http://www.openmp.org/wp-content/uploads/openmp-4.5.pdf}},
  note = {Accessed: 2017-05-21}
}

@misc{openmp-examples,
  title = {OpenMP-Examples},
  year = {2015},
  howpublished = {\url{http://www.openmp.org/wp-content/uploads/OpenMP4.0.0.Examples.pdf}},
  note = {Accessed: 2017-05-21}
}

@misc{geforce-256,
  title = {GeForce 256},
  year = {1999},
  howpublished = {\url{http://www.nvidia.com/page/geforce256.html}},
  note = {Acessado: 23-05-2017}
}

@misc{nvidia-2017,
  title = {NVIDIA},
  year = {2017},
  howpublished = {\url{http://docs.nvidia.com/cuda/cuda-c-programming-guide/#axzz4hppS02FZ}},
  note = {Acessado: 23-05-2017}
}


@article{boratto2016programaccao,
  title={Programa{\c{c}}{\~a}o em Arquiteturas Paralelas utilizando Sistemas Multicore, Multi-GPU e Co-processadores},
  author={Boratto, Murilo and de Computadores, N{\'u}cleo de Arquitetura and Barreto, Marcos},
  journal={Livro dos Minicursos do WSCAD 2016}
}

@article{maheswaran1999heterogeneous,
  title={Heterogeneous distributed computing},
  author={Maheswaran, Muthucumaru and Braun, Tracy D and Siegel, Howard Jay},
  journal={Wiley encyclopedia of electrical and electronics engineering},
  year={1999},
  publisher={Wiley Online Library}
}

@article{maheswaran1999dynamic,
  title={Dynamic mapping of a class of independent tasks onto heterogeneous computing systems},
  author={Maheswaran, Muthucumaru and Ali, Shoukat and Siegel, Howard Jay and Hensgen, Debra and Freund, Richard F},
  journal={Journal of parallel and distributed computing},
  volume={59},
  number={2},
  pages={107--131},
  year={1999},
  publisher={Elsevier}
}

@inproceedings{braun2001heterogeneous,
  title={Heterogeneous computing: Goals, methods, and open problems},
  author={Braun, Tracy D and Siegel, Howard Jay and Maciejewski, Anthony A},
  booktitle={International Conference on High-Performance Computing},
  pages={307--318},
  year={2001},
  organization={Springer}
}

@article{huang2015study,
  title={Study of parallel programming models on computer clusters with Intel MIC coprocessors},
  author={Huang, Miaoqing and Lai, Chenggang and Shi, Xuan and Hao, Zhijun and You, Haihang},
  journal={International Journal of High Performance Computing Applications},
  pages={1094342015580864},
  year={2015},
  publisher={SAGE Publications}
}

%% A partir daqui começa minha referencia bibliográfica %%
@book{clarke1999model,
  title={Model checking},
  author={Clarke, Edmund M and Grumberg, Orna and Peled, Doron},
  year={1999},
  publisher={MIT press}
}

@article{machado2017uso,
  title={Uso de Sistemas de Transi{\c{c}}{\~o}es Modais de Kripke para Representac{\~a}o de Comportamento Parcial no Desenvolvimento incremental e interativo de software},
  author={Machado, Efraim Zalmoxis de Almeida},
  year={2017},
  publisher={Instituto de Matem{\'a}tica. Departamento de Computa{\c{c}}{\~a}o.}
}

@book{sommerville2011engenharia,
  title={Engenharia de software},
  author={Sommerville, I.},
  isbn={9788579361081},
  year={2011},
  publisher={Pearson Prentice Hall}
}

@book{Berard:2010:SSV:1965314,
 author = {Berard, B. and Bidoit, M. and Finkel, A. and Laroussinie, F. and Petit, A. and Petrucci, L. and Schnoebelen, P.},
 title = {Systems and Software Verification: Model-Checking Techniques and Tools},
 year = {2010},
 isbn = {3642074782, 9783642074783},
 edition = {1st},
 publisher = {Springer Publishing Company, Incorporated},
}

@article{uchitel2003synthesis,
  title={Synthesis of behavioral models from scenarios},
  author={Uchitel, Sebastian and Kramer, Jeff and Magee, Jeff},
  journal={IEEE Transactions on Software Engineering},
  volume={29},
  number={2},
  pages={99--115},
  year={2003},
  publisher={IEEE}
}

@book{baier2008principles,
  title={Principles of model checking},
  author={Baier, Christel and Katoen, Joost-Pieter and Larsen, Kim Guldstrand},
  year={2008},
  publisher={MIT press}
}